@misc{ioc_updates,
  author = {International Ornithologists' Union},
  title = {Updates - IOC World Bird List},
  howpublished = {\url{https://www.worldbirdnames.org/new/updates/}},
  year = {2024},
  note = {Accessed: 2024-06-04}
}
@misc{himalayan,
  author = {Himalayan Nature},
  title = {National Red List of Nepal's Birds},
  howpublished = {\url{https://www.himalayannature.org/works/projects/national-red-list-of-nepals-birds/}},
  year = {2024},
  note = {Accessed: 2024-06-03}
}
@article{inskipp2017nepala,
  title={Nepal's National Red List of Birds},
  author={Inskipp, Carol and Baral, Hem Sagar and Inskipp, Tim and Khatiwada, Ambika Prasad and Khatiwada, Monsoon Pokharel and Poudyal, Laxman Prasad and Amin, Rajan},
  journal={Journal of Threatened Taxa},
  volume={9},
  number={1},
  pages={9700--9722},
  year={2017}
}
@article{gautam2023audio,
  title={Audio Classifier for Automatic Identification of Endangered Bird Species of Nepal},
  author={Gautam, Rewan and Khatiwada, Bhuwan and Subedi, Bishwa Prakash and Duwal, Niraj and Dahal, Kiran Chandra},
  year={2023}
}

@article{sevilla2017audio,
  title={Audio Bird Classification with Inception-v4 extended with Time and Time-Frequency Attention Mechanisms.},
  author={Sevilla, Antoine and Glotin, Herv{\'e}},
  journal={CLEF (Working Notes)},
  volume={1866},
  pages={1--8},
  year={2017}
}
@article{Gavali2019Bird,
  title={Bird Species Identification using Deep Learning},
  author={Pralhad Gavali and Prachi Abhijeet Mhetre and Neha Chandrakhant Patil and Nikita Suresh Bamane and Harshal Dipak Buva},
  journal={International Journal of Engineering Research and Technology},
  volume={8},
  number={4},
  year={2019},
  month={April},
}
@inproceedings{islam2019bird,
  title={Bird species classification from an image using VGG-16 network},
  author={Islam, Shazzadul and Khan, Sabit Ibn Ali and Abedin, Md Minhazul and Habibullah, Khan Mohammad and Das, Amit Kumar},
  booktitle={Proceedings of the 7th international conference on computer and communications management},
  pages={38--42},
  year={2019}
}
@inproceedings{chandu2020automated,
  title={Automated bird species identification using audio signal processing and neural networks},
  author={Chandu, B and Munikoti, Akash and Murthy, Karthik S and Murthy, Ganesh and Nagaraj, Chaitra},
  booktitle={2020 International Conference on Artificial Intelligence and Signal Processing (AISP)},
  pages={1--5},
  year={2020},
  organization={IEEE}
}
@article{nanni2021ensemble,
  title={An ensemble of convolutional neural networks for audio classification},
  author={Nanni, Loris and Maguolo, Gianluca and Brahnam, Sheryl and Paci, Michelangelo},
  journal={Applied Sciences},
  volume={11},
  number={13},
  pages={5796},
  year={2021},
  publisher={MDPI}
}
@article{wang2022efficient,
  title={An efficient model for a vast number of bird species identification based on acoustic features},
  author={Wang, Hanlin and Xu, Yingfan and Yu, Yan and Lin, Yucheng and Ran, Jianghong},
  journal={Animals},
  volume={12},
  number={18},
  pages={2434},
  year={2022},
  publisher={MDPI}
}
@article{pahuja2021sound,
  title={Sound-spectrogram based automatic bird species recognition using MLP classifier},
  author={Pahuja, Roop and Kumar, Avijeet},
  journal={Applied Acoustics},
  volume={180},
  pages={108077},
  year={2021},
  publisher={Elsevier}
}
